@article{prisma,
  title={Preferred reporting items for systematic reviews and meta-analyses: the PRISMA statement},
  author={Moher, David and Liberati, Alessandro and Tetzlaff, Jennifer and Altman, Douglas G and PRISMA Group*},
  journal={Annals of internal medicine},
  volume={151},
  number={4},
  pages={264--269},
  year={2009},
  publisher={American College of Physicians}
}

@article{rapp2021human,
  title={The human side of human-chatbot interaction: A systematic literature review of ten years of research on text-based chatbots},
  author={Rapp, Amon and Curti, Lorenzo and Boldi, Arianna},
  journal={International Journal of Human-Computer Studies},
  volume={151},
  pages={102630},
  year={2021},
  publisher={Elsevier}
}

@article{clark2019state,
  title={The state of speech in HCI: Trends, themes and challenges},
  author={Clark, Leigh and Doyle, Philip and Garaialde, Diego and Gilmartin, Emer and Schl{\"o}gl, Stephan and Edlund, Jens and Aylett, Matthew and Cabral, Jo{\~a}o and Munteanu, Cosmin and Edwards, Justin and others},
  journal={Interacting with Computers},
  volume={31},
  number={4},
  pages={349--371},
  year={2019},
  publisher={Oxford University Press}
}

@misc{2022comscore,
  title={As Smart Speakers Evolve, So Do Consumers},
  url={https://www.comscore.com/Insights/Blog/As-Smart-Speakers-Evolve-So-Do-Consumers},
  journal={Comscore},
  author={Bratten, Eric},
  year={2021}
}

@inproceedings{eyssel2012if,
  title={'If you sound like me, you must be more human' on the interplay of robot and user features on human-robot acceptance and anthropomorphism},
  author={Eyssel, Friederike and Kuchenbrandt, Dieta and Bobinger, Simon and De Ruiter, Laura and Hegel, Frank},
  booktitle={Proceedings of the seventh annual ACM/IEEE international conference on Human-Robot Interaction},
  pages={125--126},
  year={2012}
}

@article{waytz2010sees,
  title={Who sees human? The stability and importance of individual differences in anthropomorphism},
  author={Waytz, Adam and Cacioppo, John and Epley, Nicholas},
  journal={Perspectives on Psychological Science},
  volume={5},
  number={3},
  pages={219--232},
  year={2010},
  publisher={Sage Publications Sage CA: Los Angeles, CA}
}

@inproceedings{seeger2021chatbots,
  title={Chatbots often fail! Can anthropomorphic design mitigate trust loss in conversational agents for customer service?},
  author={Seeger, Anna-Maria and Heinzl, Armin},
  booktitle={ECIS},
  year={2021}
}

@inproceedings{kuzminykh2020genie,
  title={Genie in the bottle: Anthropomorphized perceptions of conversational agents},
  author={Kuzminykh, Anastasia and Sun, Jenny and Govindaraju, Nivetha and Avery, Jeff and Lank, Edward},
  booktitle={Proceedings of the 2020 CHI conference on human factors in computing systems},
  pages={1--13},
  year={2020}
}

@inproceedings{cowan2015does,
  title={Does voice anthropomorphism affect lexical alignment in speech-based human-computer dialogue?},
  author={Cowan, Benjamin R and Branigan, Holly P},
  booktitle={Sixteenth Annual Conference of the International Speech Communication Association},
  year={2015}
}

@inproceedings{purington2017alexa,
  title={" Alexa is my new BFF" Social Roles, User Satisfaction, and Personification of the Amazon Echo},
  author={Purington, Amanda and Taft, Jessie G and Sannon, Shruti and Bazarova, Natalya N and Taylor, Samuel Hardman},
  booktitle={Proceedings of the 2017 CHI conference extended abstracts on human factors in computing systems},
  pages={2853--2859},
  year={2017}
}

@article{qiu2009evaluating,
  title={Evaluating anthropomorphic product recommendation agents: A social relationship perspective to designing information systems},
  author={Qiu, Lingyun and Benbasat, Izak},
  journal={Journal of management information systems},
  volume={25},
  number={4},
  pages={145--182},
  year={2009},
  publisher={Taylor \& Francis}
}

@article{diederich2019emulating,
  title={Emulating empathetic behavior in online service encounters with sentiment-adaptive responses: insights from an experiment with a conversational agent},
  author={Diederich, Stephan and Janssen-M{\"u}ller, Max and Brendel, Alfred Benedikt and Morana, Stefan},
  year={2019}
}

@inproceedings{yang2017perceived,
  title={Perceived emotional intelligence in virtual agents},
  author={Yang, Yang and Ma, Xiaojuan and Fung, Pascale},
  booktitle={Proceedings of the 2017 CHI Conference Extended Abstracts on Human Factors in Computing Systems},
  pages={2255--2262},
  year={2017}
}

@inproceedings{kim2020can,
  title={" I Can Feel Your Empathic Voice": Effects of Nonverbal Vocal Cues in Voice User Interface},
  author={Kim, Jieun and Kim, Woochan and Nam, Jungwoo and Song, Hayeon},
  booktitle={Extended Abstracts of the 2020 CHI Conference on Human Factors in Computing Systems},
  pages={1--8},
  year={2020}
}

@inproceedings{spillner2021talk,
  title={Talk to Me on My Level--Linguistic Alignment for Chatbots},
  author={Spillner, Laura and Wenig, Nina},
  booktitle={Proceedings of the 23rd International Conference on Mobile Human-Computer Interaction},
  pages={1--12},
  year={2021}
}

@article{andrews2012system,
  title={System personality and persuasion in human-computer dialogue},
  author={Andrews, Pierre Y},
  journal={ACM Transactions on Interactive Intelligent Systems (TiiS)},
  volume={2},
  number={2},
  pages={1--27},
  year={2012},
  publisher={ACM New York, NY, USA}
}

@article{feine2019taxonomy,
  title={A taxonomy of social cues for conversational agents},
  author={Feine, Jasper and Gnewuch, Ulrich and Morana, Stefan and Maedche, Alexander},
  journal={International Journal of Human-Computer Studies},
  volume={132},
  pages={138--161},
  year={2019},
  publisher={Elsevier}
}

@article{westerman2019believe,
  title={I believe in a thing called bot: Perceptions of the humanness of “chatbots”},
  author={Westerman, David and Cross, Aaron C and Lindmark, Peter G},
  journal={Communication Studies},
  volume={70},
  number={3},
  pages={295--312},
  year={2019},
  publisher={Taylor \& Francis}
}

@inproceedings{zhu2022effects,
  title={Effects of Emotional Expressiveness on Voice Chatbot Interactions},
  author={Zhu, Qingxiaoyang and Chau, Austin and Cohn, Michelle and Liang, Kai-Hui and Wang, Hao-Chuan and Zellou, Georgia and Yu, Zhou},
  booktitle={Proceedings of the 4th Conference on Conversational User Interfaces},
  pages={1--11},
  year={2022}
}

@inproceedings{jeong2019exploring,
  title={Exploring effects of conversational fillers on user perception of conversational agents},
  author={Jeong, Yuin and Lee, Juho and Kang, Younah},
  booktitle={Extended abstracts of the 2019 CHI conference on human factors in computing systems},
  pages={1--6},
  year={2019}
}

@inproceedings{pfeifer2009should,
  title={Should agents speak like, um, humans? The use of conversational fillers by virtual agents},
  author={Pfeifer, Laura M and Bickmore, Timothy},
  booktitle={International Workshop on Intelligent Virtual Agents},
  pages={460--466},
  year={2009},
  organization={Springer}
}

@article{linnemann2018can,
  title={‘Can I Trust the Spoken Dialogue System Because It Uses the Same Words as I Do?’—Influence of Lexically Aligned Spoken Dialogue Systems on Trustworthiness and User Satisfaction},
  author={Linnemann, Gesa Alena and Jucks, Regina},
  journal={Interacting with Computers},
  volume={30},
  number={3},
  pages={173--186},
  year={2018},
  publisher={Oxford University Press}
}

@article{huiyang2022improving,
  title={Improving Interaction Experience through Lexical Convergence: The Prosocial Effect of Lexical Alignment in Human-Human and Human-Computer Interactions},
  author={Huiyang, Shen and Min, Wang},
  journal={International Journal of Human--Computer Interaction},
  volume={38},
  number={1},
  pages={28--41},
  year={2022},
  publisher={Taylor \& Francis}
}

@article{gnewuch2018faster,
  title={Faster is not always better: understanding the effect of dynamic response delays in human-chatbot interaction},
  author={Gnewuch, Ulrich and Morana, Stefan and Adam, Marc and Maedche, Alexander},
  year={2018}
}

@inproceedings{lee2020hear,
  title={" I Hear You, I Feel You": encouraging deep self-disclosure through a chatbot},
  author={Lee, Yi-Chieh and Yamashita, Naomi and Huang, Yun and Fu, Wai},
  booktitle={Proceedings of the 2020 CHI conference on human factors in computing systems},
  pages={1--12},
  year={2020}
}

@inproceedings{cox2022does,
  title={Does Chatbot Language Formality Affect Users’ Self-Disclosure?},
  author={Cox, Samuel Rhys and Ooi, Wei Tsang},
  booktitle={Proceedings of the 4th Conference on Conversational User Interfaces},
  pages={1--13},
  year={2022}
}

@inproceedings{wilhelm2022keep,
  title={Keep on Smiling: An Investigation of the Influence of the Use of Emoticons by Chatbots on User Satisfaction},
  author={Wilhelm, Marilena and Otten, Tabea and Schwaetzer, Eva and Schumacher, Kinga},
  booktitle={Proceedings of the 4th Conference on Conversational User Interfaces},
  pages={1--6},
  year={2022}
}

@article{ma2022ask,
  title={Ask a Further Question or Give a List? How Should Conversational Agents Reply to Users’ Uncertain Queries},
  author={Ma, Qianli and Zhang, Yaping and Xu, Wenti and Zhou, Ronggang},
  journal={International Journal of Human--Computer Interaction},
  pages={1--15},
  year={2022},
  publisher={Taylor \& Francis}
}

@inproceedings{hoegen2019end,
  title={An end-to-end conversational style matching agent},
  author={Hoegen, Rens and Aneja, Deepali and McDuff, Daniel and Czerwinski, Mary},
  booktitle={Proceedings of the 19th ACM International Conference on Intelligent Virtual Agents},
  pages={111--118},
  year={2019}
}

@incollection{healey2013relating,
  title={Relating to speech evoked car personalities},
  author={Healey, Jennifer and Szostak, Dalila},
  booktitle={CHI'13 Extended Abstracts on Human Factors in Computing Systems},
  pages={1653--1658},
  year={2013}
}


@inproceedings{fadhil2018effect,
  title={The effect of emojis when interacting with conversational interface assisted health coaching system},
  author={Fadhil, Ahmed and Schiavo, Gianluca and Wang, Yunlong and Yilma, Bereket A},
  booktitle={Proceedings of the 12th EAI international conference on pervasive computing technologies for healthcare},
  pages={378--383},
  year={2018}
}

@inproceedings{choi2020nobody,
  title={" Nobody speaks that fast!" An empirical study of speech rate in conversational agents for people with vision impairments},
  author={Choi, Dasom and Kwak, Daehyun and Cho, Minji and Lee, Sangsu},
  booktitle={Proceedings of the 2020 CHI Conference on Human Factors in Computing Systems},
  pages={1--13},
  year={2020}
}

@inproceedings{lee2019s,
  title={What's on Your Virtual Mind? Mind Perception in Human-Agent Negotiations},
  author={Lee, Minha and Lucas, Gale and Mell, Johnathan and Johnson, Emmanuel and Gratch, Jonathan},
  booktitle={Proceedings of the 19th ACM international conference on intelligent virtual agents},
  pages={38--45},
  year={2019}
}

@inproceedings{ceha2021can,
  title={Can a Humorous Conversational Agent Enhance Learning Experience and Outcomes?},
  author={Ceha, Jessy and Lee, Ken Jen and Nilsen, Elizabeth and Goh, Joslin and Law, Edith},
  booktitle={Proceedings of the 2021 CHI Conference on Human Factors in Computing Systems},
  pages={1--14},
  year={2021}
}

@inproceedings{daher2020empathic,
  title={Empathic chatbot response for medical assistance},
  author={Daher, Karl and Casas, Jacky and Khaled, Omar Abou and Mugellini, Elena},
  booktitle={Proceedings of the 20th ACM International Conference on Intelligent Virtual Agents},
  pages={1--3},
  year={2020}
}

@inproceedings{ouchi2019should,
  title={Should speech dialogue system use honorific expression?},
  author={Ouchi, Subaru and Mizumaru, Kazuki and Sakamoto, Daisuke and Ono, Tetsuo},
  booktitle={Proceedings of the 7th International Conference on Human-Agent Interaction},
  pages={232--233},
  year={2019}
}

@inproceedings{dubiel2020persuasive,
  title={Persuasive synthetic speech: Voice perception and user behaviour},
  author={Dubiel, Mateusz and Halvey, Martin and Gallegos, Pilar Oplustil and King, Simon},
  booktitle={Proceedings of the 2nd Conference on Conversational User Interfaces},
  pages={1--9},
  year={2020}
}

@article{finch2020towards,
  title={Towards unified dialogue system evaluation: A comprehensive analysis of current evaluation protocols},
  author={Finch, Sarah E and Choi, Jinho D},
  journal={arXiv preprint arXiv:2006.06110},
  year={2020}
}

@article{bartneck2009measurement,
  title={Measurement instruments for the anthropomorphism, animacy, likeability, perceived intelligence, and perceived safety of robots},
  author={Bartneck, Christoph and Kuli{\'c}, Dana and Croft, Elizabeth and Zoghbi, Susana},
  journal={International journal of social robotics},
  volume={1},
  pages={71--81},
  year={2009},
  publisher={Springer}
}

@article{holtgraves2007perceiving,
  title={Perceiving artificial social agents},
  author={Holtgraves, TM and Ross, Stephen J and Weywadt, CR and Han, TL},
  journal={Computers in human behavior},
  volume={23},
  number={5},
  pages={2163--2174},
  year={2007},
  publisher={Elsevier}
}

@article{kteily2015ascent,
  title={The ascent of man: Theoretical and empirical evidence for blatant dehumanization.},
  author={Kteily, Nour and Bruneau, Emile and Waytz, Adam and Cotterill, Sarah},
  journal={Journal of personality and social psychology},
  volume={109},
  number={5},
  pages={901},
  year={2015},
  publisher={American Psychological Association}
}

@article{yan2013role,
  title={The role of service agent, service quality, and user satisfaction in self-service technology},
  author={Yan, Aihua and Solomon, Stan and Mirchandani, Dinesh and Lacity, Mary and Porra, Jaana},
  year={2013},
  publisher={Citeseer}
}

@inproceedings{charrier2019rope,
  title={The rope scale: a measure of how empathic a robot is perceived},
  author={Charrier, Laurianne and Rieger, Alisa and Galdeano, Alexandre and Cordier, Am{\'e}lie and Lefort, Mathieu and Hassas, Salima},
  booktitle={2019 14th ACM/IEEE International Conference on Human-Robot Interaction (HRI)},
  pages={656--657},
  year={2019},
  organization={IEEE}
}

@article{lee2017enhancing,
  title={Enhancing user experience with conversational agent for movie recommendation: Effects of self-disclosure and reciprocity},
  author={Lee, SeoYoung and Choi, Junho},
  journal={International Journal of Human-Computer Studies},
  volume={103},
  pages={95--105},
  year={2017},
  publisher={Elsevier}
}

@article{dinev2006privacy,
  title={Privacy concerns and levels of information exchange: An empirical investigation of intended e-services use},
  author={Dinev, Tamara and Hart, Paul},
  journal={E-Service},
  volume={4},
  number={3},
  pages={25--60},
  year={2006},
  publisher={JSTOR}
}

@inproceedings{wester2015artificial,
  title={Artificial personality and disfluency},
  author={Wester, Mirjam and Aylett, Matthew and Tomalin, Marcus and Dall, Rasmus},
  booktitle={Sixteenth Annual Conference of the International Speech Communication Association},
  year={2015}
}

@article{gnewuch2022opposing,
  title={Opposing Effects of Response Time in Human--Chatbot Interaction},
  author={Gnewuch, Ulrich and Morana, Stefan and Adam, Marc TP and Maedche, Alexander},
  journal={Business \& Information Systems Engineering},
  pages={1--19},
  year={2022},
  publisher={Springer}
}

@article{knijnenburg2016inferring,
  title={Inferring capabilities of intelligent agents from their external traits},
  author={Knijnenburg, Bart P and Willemsen, Martijn C},
  journal={ACM Transactions on Interactive Intelligent Systems (TiiS)},
  volume={6},
  number={4},
  pages={1--25},
  year={2016},
  publisher={ACM New York, NY, USA}
}

@article{moussawi2021perceptions,
  title={How perceptions of intelligence and anthropomorphism affect adoption of personal intelligent agents},
  author={Moussawi, Sara and Koufaris, Marios and Benbunan-Fich, Raquel},
  journal={Electronic Markets},
  volume={31},
  number={2},
  pages={343--364},
  year={2021},
  publisher={Springer}
}

@incollection{khooshabeh2011does,
  title={Does it matter if a computer jokes},
  author={Khooshabeh, Peter and McCall, Cade and Gandhe, Sudeep and Gratch, Jonathan and Blascovich, James},
  booktitle={CHI'11 Extended Abstracts on Human Factors in Computing Systems},
  pages={77--86},
  year={2011}
}

@article{lubis2019positive,
  title={Positive emotion elicitation in chat-based dialogue systems},
  author={Lubis, Nurul and Sakti, Sakriani and Yoshino, Koichiro and Nakamura, Satoshi},
  journal={IEEE/ACM Transactions on Audio, Speech, and Language Processing},
  volume={27},
  number={4},
  pages={866--877},
  year={2019},
  publisher={IEEE}
}

@inproceedings{miyamoto2017improving,
  title={Improving relationships based on positive politeness between humans and life-like agents},
  author={Miyamoto, Tomoki and Katagami, Daisuke and Shigemitsu, Yuka},
  booktitle={Proceedings of the 5th International Conference on Human Agent Interaction},
  pages={451--455},
  year={2017}
}

@inproceedings{hu2021enhancing,
  title={Enhancing the Perceived Emotional Intelligence of Conversational Agents through Acoustic Cues},
  author={Hu, Jiaxiong and Huang, Yun and Hu, Xiaozhu and Xu, Yingqing},
  booktitle={Extended Abstracts of the 2021 CHI Conference on Human Factors in Computing Systems},
  pages={1--7},
  year={2021}
}

@inproceedings{elsholz2019exploring,
  title={Exploring language style in chatbots to increase perceived product value and user engagement},
  author={Elsholz, Ela and Chamberlain, Jon and Kruschwitz, Udo},
  booktitle={Proceedings of the 2019 Conference on Human Information Interaction and Retrieval},
  pages={301--305},
  year={2019}
}

@article{cambre2019one,
  title={One voice fits all? Social implications and research challenges of designing voices for smart devices},
  author={Cambre, Julia and Kulkarni, Chinmay},
  journal={Proceedings of the ACM on Human-Computer Interaction},
  volume={3},
  number={CSCW},
  pages={1--19},
  year={2019},
  publisher={ACM New York, NY, USA}
}

@incollection{habler2019effects,
  title={Effects of Smart Virtual Assistants' Gender and Language},
  author={Habler, Florian and Schwind, Valentin and Henze, Niels},
  booktitle={Proceedings of Mensch und Computer 2019},
  pages={469--473},
  year={2019}
}

@inproceedings{kraus2020effects,
  title={Effects of proactive dialogue strategies on human-computer trust},
  author={Kraus, Matthias and Wagner, Nicolas and Minker, Wolfgang},
  booktitle={Proceedings of the 28th ACM Conference on User Modeling, Adaptation and Personalization},
  pages={107--116},
  year={2020}
}